%% References  Replace this file with your own